@article{TAL,
  title={{From System F to typed assembly language}},
  author={Morrisett, Greg and Walker, David and Crary, Karl and Glew, Neal},
  journal={ACM Transactions on Programming Languages and Systems (TOPLAS)},
  volume={21},
  number={3},
  pages={527--568},
  year={1999},
  publisher={ACM}
}

@book{STAL,
  title={{Stack-based Typed Assembly Language}},
  author={Morrisett, Greg and Crary, Karl and Glew, Neal and Walker, David},
  year={1998},
  publisher={Springer}
}

@misc{deceq,
  author = {Mendel-Gleason, Gavin},
  title = {{Decidable Equality in Agda}},
  journal = {Rubrication},
  type = {Blog},
  number = {March 2},
  year = {2012},
  howpublished = {\url{http://rubrication.blogspot.dk/2012/03/decidable-equality-in-agda.html}}
}

@book{intelsys,
  author        = {{Intel Corporation}},
  title         = {{Intel\textsuperscript{\textregistered} 64 and IA-32 Architectures Software Developer's Manual}},
  year          = {2009},
  month         = {December},
  number        = {253669-033US},
}

@book{mipssys,
  author = {{Imagination Technologies}},
  title = {{MIPS\textsuperscript{\textregistered} Architecture For Programmers Volume II-A: The MIPS32\textsuperscript{\textregistered} Instruction Set Manual}},
  year = {2015},
  month = {november},
  number = {MD00086},
}

@Book{posix,
  author =       "{IEEE}",
  title =        "{1996 (ISO\slash IEC) [IEEE\slash ANSI Std 1003.1,
                 1996 Edition] Information Technology --- Portable
                 Operating System Interface (POSIX\textregistered{}) ---
                 Part 1: System Application: Program Interface (API) [C
                 Language]}",
  publisher =    pub-IEEE-STD,
  address =      pub-IEEE-STD:adr,
  pages =        "784",
  year =         "1996",
  ISBN =         "1-55937-573-6",
  ISBN-13 =      "978-1-55937-573-3",
  LCCN =         "????",
  bibdate =      "Mon Apr 24 07:08:18 2000",
  bibsource =    "http://www.math.utah.edu/pub/tex/bib/ieeestd.bib",
  price =        "US\$143.00",
  URL =          "http://standards.ieee.org/reading/ieee/std_public/description/posix/9945-1-1996_desc.html",
  acknowledgement = ack-nhfb,
}

@book{typesandprog,
  title={{Types and Programming Languages}},
  author={Pierce, Benjamin C},
  year={2002},
  publisher={MIT press}
}

@article{patina,
  title={{Patina: A formalization of the Rust programming language}},
  author={Reed, Eric},
  year={2015}
}

@techreport{ltal,
  title={{A Linearly Typed Assembly Language}},
  author={Cheney, James and Morrisett, Greg},
  year={2003},
  institution={Cornell University}
}

@misc{rust,
  title = {{The Rust Programming Language}},
  howpublished = {\url{https://www.rust-lang.org}},
  note = {Accessed: 2016-02-26}
}

@article{untrusted,
  title={{An Untrusted Verifier for Typed Assembly Language}},
  author={Chlipala, Adam},
  journal={Computer Science},
  year={2004}
}

@MISC{antivirus,
  author = {Joxean Koret},
  title = {{Breaking Antivirus Software}},
  year = {2014},
  note = {Slides of a talk given at {SYSCAN 360}, March 31--April 4 2014, Singapore}
}
