@book{STAL,
  title={Stack-based typed assembly language},
  author={Morrisett, Greg and Crary, Karl and Glew, Neal and Walker, David},
  year={1998},
  publisher={Springer}
}
